<?xml version="1.0" encoding="UTF-8"?><record xmlns="http://www.loc.gov/MARC21/slim" xmlns:cinclude="http://apache.org/cocoon/include/1.0" xmlns:zs="http://www.loc.gov/zing/srw/">
  <leader>00787cz  a2200217n  4500</leader>
  <controlfield tag="001">n  87930611 </controlfield>
  <controlfield tag="003">DLC</controlfield>
  <controlfield tag="005">20080830075938.0</controlfield>
  <controlfield tag="008">880223n| acannaabn          |b ana      </controlfield>
  <datafield tag="010" ind1=" " ind2=" ">
    <subfield code="a">n  87930611 </subfield>
  </datafield>
  <datafield tag="035" ind1=" " ind2=" ">
    <subfield code="a">(OCoLC)oca02210436</subfield>
  </datafield>
  <datafield tag="040" ind1=" " ind2=" ">
    <subfield code="a">DLC</subfield>
    <subfield code="b">eng</subfield>
    <subfield code="c">DLC</subfield>
    <subfield code="d">OCoLC</subfield>
  </datafield>
  <datafield tag="110" ind1="1" ind2=" ">
    <subfield code="a">Japan.</subfield>
    <subfield code="b">Rikugun.</subfield>
    <subfield code="b">Shidan, Dai 40</subfield>
  </datafield>
  <datafield tag="410" ind1="1" ind2=" ">
    <subfield code="a">Japan.</subfield>
    <subfield code="b">Rikugun.</subfield>
    <subfield code="b">Dai 40 Shidan</subfield>
  </datafield>
  <datafield tag="410" ind1="1" ind2=" ">
    <subfield code="a">Japan.</subfield>
    <subfield code="b">Rikugun.</subfield>
    <subfield code="b">Kujira Heidan</subfield>
  </datafield>
  <datafield tag="410" ind1="1" ind2=" ">
    <subfield code="a">Japan.</subfield>
    <subfield code="b">陸軍.</subfield>
    <subfield code="b">師団第40</subfield>
  </datafield>
  <datafield tag="410" ind1="1" ind2=" ">
    <subfield code="a">Japan.</subfield>
    <subfield code="b">Rikugun.</subfield>
    <subfield code="b">師団第40</subfield>
  </datafield>
  <datafield tag="667" ind1=" " ind2=" ">
    <subfield code="a">Machine-derived non-Latin script reference project.</subfield>
  </datafield>
  <datafield tag="667" ind1=" " ind2=" ">
    <subfield code="a">Non-Latin script references not evaluated.</subfield>
  </datafield>
  <datafield tag="670" ind1=" " ind2=" ">
    <subfield code="a">Sasaki, H. Kachū sakusen, 1987:</subfield>
    <subfield code="b">p. 8 (Dai 40 Shidan; Kujira Heidan)</subfield>
  </datafield>
  <datafield tag="670" ind1=" " ind2=" ">
    <subfield code="a">Nihon Riku-Kaigun seido:</subfield>
    <subfield code="b">p. 404 (Dai 40 Shidan; Kujira; org. 6/30/39)</subfield>
  </datafield>
</record>